@article{hoornweg2012waste,
  title={What a waste: a global review of solid waste management},
  author={Hoornweg, Daniel and Bhada-Tata, Perinaz},
  year={2012},
  publisher={World Bank, Washington, DC}
}
@article{boskovic2016calculating,
  title={Calculating the costs of waste collection: A methodological proposal},
  author={Boskovic, Goran and Jovicic, Nebojsa and Jovanovic, Sasa and Simovic, Vladimir},
  journal={Waste management \& research},
  volume={34},
  number={8},
  pages={775--783},
  year={2016},
  publisher={SAGE Publications Sage UK: London, England}
}
@article{hamer2003solid,
  title={Solid waste treatment and disposal: effects on public health and environmental safety},
  author={Hamer, Geoffrey},
  journal={Biotechnology advances},
  volume={22},
  number={1-2},
  pages={71--79},
  year={2003},
  publisher={Elsevier}
}
@article{gutberlet2017household,
  title={Household waste and health risks affecting waste pickers and the environment in low-and middle-income countries},
  author={Gutberlet, Jutta and Uddin, Sayed Mohammad Nazim},
  journal={International journal of occupational and environmental health},
  volume={23},
  number={4},
  pages={299--310},
  year={2017},
  publisher={Taylor \& Francis}
}
@article{apaydin2007route,
  title={Route optimization for solid waste collection: Trabzon (Turkey) case study},
  author={Apaydin, Omer and Gonullu, MT},
  journal={Global NEST Journal},
  volume={9},
  number={1},
  pages={6--11},
  year={2007}
}
@article{kulcar1996optimizing,
  title={Optimizing solid waste collection in Brussels},
  author={Kulcar, Thierry},
  journal={European Journal of Operational Research},
  volume={90},
  number={1},
  pages={71--77},
  year={1996},
  publisher={Elsevier}
}
@article{rathore2020location,
  title={Location--allocation of bins in urban solid waste management: a case study of Bilaspur city, India},
  author={Rathore, Pradeep and Sarmah, Sarada Prasad and Singh, Arti},
  journal={Environment, Development and Sustainability},
  volume={22},
  number={4},
  pages={3309--3331},
  year={2020},
  publisher={Springer}
}
@article{karadimas2008routing,
  title={Routing optimization heuristics algorithms for urban solid waste transportation management},
  author={Karadimas, Nikolaos V and Doukas, Nikolaos and Kolokathi, Maria and Defteraiou, Gerasimoula and others},
  journal={wseas transactions on computers},
  volume={7},
  number={12},
  pages={2022--2031},
  year={2008},
  publisher={World Scientific and Engineering Academy and Society (WSEAS) Stevens Point~â€¦}
}
@incollection{chaudhary2019gis,
  title={Gis-based model for optimal collection and transportation system for solid waste in Allahabad city},
  author={Chaudhary, Shailendra and Nidhi, Chaitanya and Rawal, Nek Ram},
  booktitle={Emerging Technologies in Data Mining and Information Security},
  pages={45--65},
  year={2019},
  publisher={Springer}
}
@article{amal2018sga,
  title={SGA: spatial GIS-based genetic algorithm for route optimization of municipal solid waste collection},
  author={Amal, Louati and Son, Le Hoang and Chabchoub, Habib},
  journal={Environmental Science and Pollution Research},
  volume={25},
  number={27},
  pages={27569--27582},
  year={2018},
  publisher={Springer}
}
@article{de2007decision,
  title={A decision support system for the operational planning of solid waste collection},
  author={de Oliveira Simonetto, Eugenio and Borenstein, Denis},
  journal={Waste Management},
  volume={27},
  number={10},
  pages={1286--1297},
  year={2007},
  publisher={Elsevier}
}
@article{renaud2002sweep,
  title={A sweep-based algorithm for the fleet size and mix vehicle routing problem},
  author={Renaud, Jacques and Boctor, Fayez F},
  journal={European Journal of Operational Research},
  volume={140},
  number={3},
  pages={618--628},
  year={2002},
  publisher={Elsevier}
}
@article{hannan2020waste,
  title={Waste collection route optimisation model for linking cost saving and emission reduction to achieve sustainable development goals},
  author={Hannan, MA and Begum, RA and Al-Shetwi, Ali Q and Ker, PJ and Al Mamun, MA and Hussain, Aini and Basri, Hassan and Mahlia, TMI},
  journal={Sustainable Cities and Society},
  volume={62},
  pages={102393},
  year={2020},
  publisher={Elsevier}
}
@article{asefi2019mathematical,
  title={Mathematical modelling and heuristic approaches to the location-routing problem of a cost-effective integrated solid waste management},
  author={Asefi, Hossein and Lim, Samsung and Maghrebi, Mojtaba and Shahparvari, Shahrooz},
  journal={Annals of Operations Research},
  volume={273},
  number={1},
  pages={75--110},
  year={2019},
  publisher={Springer}
}
@article{akhtar2017backtracking,
  title={Backtracking search algorithm in CVRP models for efficient solid waste collection and route optimization},
  author={Akhtar, Mahmuda and Hannan, MA and Begum, RA and Basri, Hassan and Scavino, Edgar},
  journal={Waste Management},
  volume={61},
  pages={117--128},
  year={2017},
  publisher={Elsevier}
}
@article{civicioglu2013backtracking,
  title={Backtracking search optimization algorithm for numerical optimization problems},
  author={Civicioglu, Pinar},
  journal={Applied Mathematics and computation},
  volume={219},
  number={15},
  pages={8121--8144},
  year={2013},
  publisher={Elsevier}
}
@article{al2021optimization,
  title={Optimization models for clustering of solid waste collection process},
  author={Al-Refaie, Abbas and Al-Hawadi, Ahmad and Fraij, Saja},
  journal={Engineering Optimization},
  volume={53},
  number={12},
  pages={2056--2069},
  year={2021},
  publisher={Taylor \& Francis}
}
@article{lozano2018smart,
  title={Smart waste collection system with low consumption LoRaWAN nodes and route optimization},
  author={Lozano, {\'A}lvaro and Caridad, Javier and De Paz, Juan Francisco and Villarrubia Gonzalez, Gabriel and Bajo, Javier},
  journal={Sensors},
  volume={18},
  number={5},
  pages={1465},
  year={2018},
  publisher={MDPI}
}
@article{baldo2021multi,
  title={A multi-layer lorawan infrastructure for smart waste management},
  author={Baldo, David and Mecocci, Alessandro and Parrino, Stefano and Peruzzi, Giacomo and Pozzebon, Alessandro},
  journal={Sensors},
  volume={21},
  number={8},
  pages={2600},
  year={2021},
  publisher={MDPI}
}
@article{vishnu2021iot,
  title={IoT-Enabled solid waste management in smart cities},
  author={Vishnu, S and Ramson, SR Jino and Senith, Samson and Anagnostopoulos, Theodoros and Abu-Mahfouz, Adnan M and Fan, Xiaozhe and Srinivasan, S and Kirubaraj, A Alfred},
  journal={Smart Cities},
  volume={4},
  number={3},
  pages={1004--1017},
  year={2021},
  publisher={MDPI}
}
@inproceedings{abdullah2018iot,
  title={IoT-based smart waste management system in a smart city},
  author={Abdullah, Nibras and Alwesabi, Ola A and Abdullah, Rosni},
  booktitle={International conference of reliable information and communication technology},
  pages={364--371},
  year={2018},
  organization={Springer}
}
@article{ali2020iot,
  title={IoT-based smart waste bin monitoring and municipal solid waste management system for smart cities},
  author={Ali, Tariq and Irfan, Muhammad and Alwadie, Abdullah Saeed and Glowacz, Adam},
  journal={Arabian Journal for Science and Engineering},
  volume={45},
  number={12},
  pages={10185--10198},
  year={2020},
  publisher={Springer}
}
@inproceedings{al2018serverless,
  title={A serverless IoT architecture for smart waste management systems},
  author={Al-Masri, Eyhab and Diabate, Ibrahim and Jain, Richa and Lam, Ming Hoi Lam and Nathala, Swetha Reddy},
  booktitle={2018 IEEE International Conference on Industrial Internet (ICII)},
  pages={179--180},
  year={2018},
  organization={IEEE}
}
@inproceedings{chaudhari2018solid,
  title={Solid waste collection as a service using IoT-solution for smart cities},
  author={Chaudhari, Sangita S and Bhole, Varsha Y},
  booktitle={2018 International Conference on Smart City and Emerging Technology (ICSCET)},
  pages={1--5},
  year={2018},
  organization={IEEE}
}
@article{ravindra2015system,
  title={System analysis of municipal solid waste management in Chandigarh and minimization practices for cleaner emissions},
  author={Ravindra, Khaiwal and Kaur, Kamalpreet and Mor, Suman},
  journal={Journal of Cleaner production},
  volume={89},
  pages={251--256},
  year={2015},
  publisher={Elsevier}
}{\rtf1}